%YAML 1.1
%TAG !u! tag:unity3d.com,2011:
--- !u!1001 &100100000
Prefab:
  m_ObjectHideFlags: 1
  serializedVersion: 2
  m_Modification:
    m_TransformParent: {fileID: 0}
    m_Modifications: []
    m_RemovedComponents: []
  m_ParentPrefab: {fileID: 0}
  m_RootGameObject: {fileID: 1872911763014164}
  m_IsPrefabParent: 1
--- !u!1 &1872911763014164
GameObject:
  m_ObjectHideFlags: 0
  m_PrefabParentObject: {fileID: 0}
  m_PrefabInternal: {fileID: 100100000}
  serializedVersion: 5
  m_Component:
  - component: {fileID: 4608532277567424}
  - component: {fileID: 82482159488417512}
  - component: {fileID: 114229783633344440}
  m_Layer: 0
  m_Name: AudioManager
  m_TagString: Untagged
  m_Icon: {fileID: 0}
  m_NavMeshLayer: 0
  m_StaticEditorFlags: 0
  m_IsActive: 1
--- !u!4 &4608532277567424
Transform:
  m_ObjectHideFlags: 1
  m_PrefabParentObject: {fileID: 0}
  m_PrefabInternal: {fileID: 100100000}
  m_GameObject: {fileID: 1872911763014164}
  m_LocalRotation: {x: -0, y: -0, z: -0, w: 1}
  m_LocalPosition: {x: 0, y: 0, z: 0}
  m_LocalScale: {x: 1, y: 1, z: 1}
  m_Children: []
  m_Father: {fileID: 0}
  m_RootOrder: 0
  m_LocalEulerAnglesHint: {x: 0, y: 0, z: 0}
--- !u!82 &82482159488417512
AudioSource:
  m_ObjectHideFlags: 1
  m_PrefabParentObject: {fileID: 0}
  m_PrefabInternal: {fileID: 100100000}
  m_GameObject: {fileID: 1872911763014164}
  m_Enabled: 1
  serializedVersion: 4
  OutputAudioMixerGroup: {fileID: 0}
  m_audioClip: {fileID: 0}
  m_PlayOnAwake: 1
  m_Volume: 1
  m_Pitch: 1
  Loop: 0
  Mute: 0
  Spatialize: 0
  SpatializePostEffects: 0
  Priority: 128
  DopplerLevel: 1
  MinDistance: 1
  MaxDistance: 500
  Pan2D: 0
  rolloffMode: 0
  BypassEffects: 0
  BypassListenerEffects: 0
  BypassReverbZones: 0
  rolloffCustomCurve:
    serializedVersion: 2
    m_Curve:
    - serializedVersion: 2
      time: 0
      value: 1
      inSlope: 0
      outSlope: 0
      tangentMode: 0
    - serializedVersion: 2
      time: 1
      value: 0
      inSlope: 0
      outSlope: 0
      tangentMode: 0
    m_PreInfinity: 2
    m_PostInfinity: 2
    m_RotationOrder: 4
  panLevelCustomCurve:
    serializedVersion: 2
    m_Curve:
    - serializedVersion: 2
      time: 0
      value: 0
      inSlope: 0
      outSlope: 0
      tangentMode: 0
    m_PreInfinity: 2
    m_PostInfinity: 2
    m_RotationOrder: 0
  spreadCustomCurve:
    serializedVersion: 2
    m_Curve:
    - serializedVersion: 2
      time: 0
      value: 0
      inSlope: 0
      outSlope: 0
      tangentMode: 0
    m_PreInfinity: 2
    m_PostInfinity: 2
    m_RotationOrder: 4
  reverbZoneMixCustomCurve:
    serializedVersion: 2
    m_Curve:
    - serializedVersion: 2
      time: 0
      value: 1
      inSlope: 0
      outSlope: 0
      tangentMode: 0
    m_PreInfinity: 2
    m_PostInfinity: 2
    m_RotationOrder: 0
--- !u!114 &114229783633344440
MonoBehaviour:
  m_ObjectHideFlags: 1
  m_PrefabParentObject: {fileID: 0}
  m_PrefabInternal: {fileID: 100100000}
  m_GameObject: {fileID: 1872911763014164}
  m_Enabled: 1
  m_EditorHideFlags: 0
  m_Script: {fileID: 11500000, guid: 89e28036a04fe124ea87b6d9c4652e90, type: 3}
  m_Name: 
  m_EditorClassIdentifier: 
  musicVolume: 1
  _fadeTime: 5
  MenuMusic:
  - {fileID: 8300000, guid: 12fb7fe029c39174aad162274a1aef4e, type: 3}
  - {fileID: 8300000, guid: 7892d4b4561a69846abbe724d82fb174, type: 3}
  - {fileID: 8300000, guid: 53c5337b8c474a84b845af37bd78fd51, type: 3}
  - {fileID: 8300000, guid: 0ff5c2bfca4999e4f90db0eae3f1641e, type: 3}
  - {fileID: 8300000, guid: 81bfc6add1e6f2a4994b4f067186b533, type: 3}
  - {fileID: 8300000, guid: 2faa0d8aaf6cce84487ad6ee1a9174a9, type: 3}
  - {fileID: 8300000, guid: 44db922357843da4aae78a76eabd3ea6, type: 3}
  GameMusic:
  - {fileID: 8300000, guid: 71bb9704800f9e746bdb52b24e27e37f, type: 3}
  - {fileID: 8300000, guid: 5df1848d75e99f849aa62e07085a65ae, type: 3}
  - {fileID: 8300000, guid: e92c71d592099814fb0b45d1347f8abe, type: 3}
  - {fileID: 8300000, guid: c0b8b8706714b4147a785add8cd01cb9, type: 3}
  - {fileID: 8300000, guid: f36229116e7a7284f91b159069d63c35, type: 3}
