%YAML 1.1
%TAG !u! tag:unity3d.com,2011:
--- !u!1001 &100100000
Prefab:
  m_ObjectHideFlags: 1
  serializedVersion: 2
  m_Modification:
    m_TransformParent: {fileID: 0}
    m_Modifications: []
    m_RemovedComponents: []
  m_ParentPrefab: {fileID: 0}
  m_RootGameObject: {fileID: 1520125598673760}
  m_IsPrefabParent: 1
--- !u!1 &1520125598673760
GameObject:
  m_ObjectHideFlags: 0
  m_PrefabParentObject: {fileID: 0}
  m_PrefabInternal: {fileID: 100100000}
  serializedVersion: 5
  m_Component:
  - component: {fileID: 4853494104687294}
  - component: {fileID: 33657581325693578}
  - component: {fileID: 23657720466445924}
  - component: {fileID: 54986699719803486}
  - component: {fileID: 114230232420896508}
  - component: {fileID: 64215196734833818}
  m_Layer: 0
  m_Name: Me_Hexagon
  m_TagString: Arena_Dropable
  m_Icon: {fileID: 0}
  m_NavMeshLayer: 0
  m_StaticEditorFlags: 0
  m_IsActive: 1
--- !u!4 &4853494104687294
Transform:
  m_ObjectHideFlags: 1
  m_PrefabParentObject: {fileID: 0}
  m_PrefabInternal: {fileID: 100100000}
  m_GameObject: {fileID: 1520125598673760}
  m_LocalRotation: {x: -0.70710677, y: -0, z: -0, w: 0.7071068}
  m_LocalPosition: {x: -4.9458604, y: -8.87192, z: 3.1041362}
  m_LocalScale: {x: 1, y: 1, z: 1}
  m_Children: []
  m_Father: {fileID: 0}
  m_RootOrder: 0
  m_LocalEulerAnglesHint: {x: -90.00001, y: 0, z: 0}
--- !u!23 &23657720466445924
MeshRenderer:
  m_ObjectHideFlags: 1
  m_PrefabParentObject: {fileID: 0}
  m_PrefabInternal: {fileID: 100100000}
  m_GameObject: {fileID: 1520125598673760}
  m_Enabled: 1
  m_CastShadows: 1
  m_ReceiveShadows: 1
  m_MotionVectors: 1
  m_LightProbeUsage: 1
  m_ReflectionProbeUsage: 1
  m_Materials:
  - {fileID: 2100000, guid: e9578df484485da418ed43cccc32809e, type: 2}
  - {fileID: 2100000, guid: 232a7054e95efb149a4cea17fc4a41a6, type: 2}
  m_StaticBatchInfo:
    firstSubMesh: 0
    subMeshCount: 0
  m_StaticBatchRoot: {fileID: 0}
  m_ProbeAnchor: {fileID: 0}
  m_LightProbeVolumeOverride: {fileID: 0}
  m_ScaleInLightmap: 1
  m_PreserveUVs: 0
  m_IgnoreNormalsForChartDetection: 0
  m_ImportantGI: 0
  m_SelectedEditorRenderState: 3
  m_MinimumChartSize: 4
  m_AutoUVMaxDistance: 0.5
  m_AutoUVMaxAngle: 89
  m_LightmapParameters: {fileID: 0}
  m_SortingLayerID: 0
  m_SortingOrder: 0
--- !u!33 &33657581325693578
MeshFilter:
  m_ObjectHideFlags: 1
  m_PrefabParentObject: {fileID: 0}
  m_PrefabInternal: {fileID: 100100000}
  m_GameObject: {fileID: 1520125598673760}
  m_Mesh: {fileID: 4300000, guid: 408f5c808704e204bb765e904eb0b8b8, type: 3}
--- !u!54 &54986699719803486
Rigidbody:
  m_ObjectHideFlags: 1
  m_PrefabParentObject: {fileID: 0}
  m_PrefabInternal: {fileID: 100100000}
  m_GameObject: {fileID: 1520125598673760}
  serializedVersion: 2
  m_Mass: 1
  m_Drag: 0
  m_AngularDrag: 0.05
  m_UseGravity: 0
  m_IsKinematic: 1
  m_Interpolate: 0
  m_Constraints: 0
  m_CollisionDetection: 0
--- !u!64 &64215196734833818
MeshCollider:
  m_ObjectHideFlags: 1
  m_PrefabParentObject: {fileID: 0}
  m_PrefabInternal: {fileID: 100100000}
  m_GameObject: {fileID: 1520125598673760}
  m_Material: {fileID: 13400000, guid: 96de96e1a9a0dda489413256e7107fac, type: 2}
  m_IsTrigger: 0
  m_Enabled: 1
  serializedVersion: 2
  m_Convex: 1
  m_InflateMesh: 0
  m_SkinWidth: 0.01
  m_Mesh: {fileID: 4300000, guid: fcd61de0e6abf114db1974d334825f1f, type: 3}
--- !u!114 &114230232420896508
MonoBehaviour:
  m_ObjectHideFlags: 1
  m_PrefabParentObject: {fileID: 0}
  m_PrefabInternal: {fileID: 100100000}
  m_GameObject: {fileID: 1520125598673760}
  m_Enabled: 1
  m_EditorHideFlags: 0
  m_Script: {fileID: 11500000, guid: 2ad407165b95bf544a634e0ac567954c, type: 3}
  m_Name: 
  m_EditorClassIdentifier: 
  Walkable: 1
  OrigPosition: {x: 0, y: 0, z: 0}
